<collection xmlns="http://www.loc.gov/MARC21/slim">
<record>
  <leader>01338nam0a22002291i 450 </leader>
  <controlfield tag="001">IT\ICCU\CNCE\080198</controlfield>
  <controlfield tag="005">20200204000000.0</controlfield>
  <datafield tag="012" ind1=" " ind2=" ">
    <subfield code="a">ma*- o:am iaam ctti (3) 1585 (R)</subfield>
    <subfield code="2">fei</subfield>
  </datafield>
  <datafield tag="100" ind1=" " ind2=" ">
    <subfield code="a">20200204d1585        0itac0103    ba</subfield>
  </datafield>
  <datafield tag="101" ind1=" " ind2=" ">
    <subfield code="a">LAT</subfield>
  </datafield>
  <datafield tag="102" ind1=" " ind2=" ">
    <subfield code="a">IT</subfield>
  </datafield>
  <datafield tag="200" ind1="1" ind2=" ">
    <subfield code="a">Relectio capita quorundam, de iudaeis, in qua de rebus ad Sarracenos deferri prohibitis, &amp; censuris ob id latis, non segniter disputatur, composita, &amp; pronunciata in inclyta Coimbricensi academia anno M.D.L. Per Martinum ab Azpilcueta doctorem  Nunc autem Romae recognita, emendata, &amp; aucta per eundem ante vigintiquinque annos rude donatum, siue iubilatum </subfield>
  </datafield>
  <datafield tag="210" ind1=" " ind2=" ">
    <subfield code="a">Romae</subfield>
    <subfield code="c">ex officina Iacobi Tornerij</subfield>
    <subfield code="d">&amp; Iacobi Berichia</subfield>
    <subfield code="d">1585</subfield>
    <subfield code="e">Romae</subfield>
    <subfield code="g">excudebant Alexander Gardanus</subfield>
    <subfield code="h">&amp; Franciscus Coattinus</subfield>
    <subfield code="h">1585</subfield>
  </datafield>
  <datafield tag="215" ind1=" " ind2=" ">
    <subfield code="a">\4!, 91, \3! c.</subfield>
    <subfield code="c">ill.</subfield>
    <subfield code="d">4ʻ</subfield>
  </datafield>
  <datafield tag="620" ind1=" " ind2=" ">
    <subfield code="a">IT</subfield>
    <subfield code="d">Roma</subfield>
  </datafield>
  <datafield tag="700" ind1=" " ind2="1">
    <subfield code="a">Azpilcueta,</subfield>
    <subfield code="b">Martin : de</subfield>
    <subfield code="3">IT\ICCU\CNCA\000998</subfield>
  </datafield>
  <datafield tag="712" ind1="0" ind2="0">
    <subfield code="a">Tornieri, Giacomo &amp; Bericchia, Giacomo</subfield>
    <subfield code="3">IT\ICCU\CNCT\000856</subfield>
    <subfield code="4">650</subfield>
  </datafield>
  <datafield tag="712" ind1="0" ind2="0">
    <subfield code="a">Gardane, Alessandro &amp; Coattino, Francesco</subfield>
    <subfield code="3">IT\ICCU\CNCT\000858</subfield>
    <subfield code="4">650</subfield>
  </datafield>
  <datafield tag="790" ind1=" " ind2="0">
    <subfield code="a">Martinus Azpliqueta</subfield>
    <subfield code="c"> : Navarro</subfield>
    <subfield code="3">IT\ICCU\CNCA\014102</subfield>
    <subfield code="z">Azpilcueta, Martin : de</subfield>
  </datafield>
  <datafield tag="790" ind1=" " ind2="1">
    <subfield code="a">Navarro,</subfield>
    <subfield code="b">Martin : de</subfield>
    <subfield code="3">IT\ICCU\CNCA\014747</subfield>
    <subfield code="z">Azpilcueta, Martin : de</subfield>
  </datafield>
  <datafield tag="801" ind1=" " ind2="3">
    <subfield code="a">IT</subfield>
    <subfield code="b">ICCU</subfield>
    <subfield code="c">20201115</subfield>
  </datafield>
  <datafield tag="899" ind1=" " ind2=" ">
    <subfield code="a">Biblioteca civica Sebastiano Bagolino. Alcamo</subfield>
    <subfield code="1">TP0001</subfield>
    <subfield code="2">ZTP 08</subfield>
  </datafield>
</record>
</collection>
